@ARTICLE{5714725, 
author={Lee, C.C. and Flynn, M.P.}, 
journal={Solid-State Circuits, IEEE Journal of}, title={A {SAR}-Assisted Two-Stage Pipeline {ADC}}, 
year={2011}, 
month={april }, 
volume={46}, 
number={4}, 
pages={859 -869}, 
keywords={CMOS circuit;SAR-assisted two-stage pipeline ADC architecture;analog-digital conversion;first-stage resolution;low-power electronics;size 65 nm;size 90 nm;successive approximation register;word length 12 bit;CMOS digital integrated circuits;analogue-digital conversion;low-power electronics;pipeline processing;}, 
doi={10.1109/JSSC.2011.2108133}, 
ISSN={0018-9200},}

@INPROCEEDINGS{6188715, 
author={Jackuline Moni, D. and Jisha, P.}, 
booktitle={Devices, Circuits and Systems (ICDCS), 2012 International Conference on}, title={High-speed and low-power dynamic latch comparator}, 
year={2012}, 
month={march}, 
volume={}, 
number={}, 
pages={259 -263}, 
keywords={}, 
doi={10.1109/ICDCSyst.2012.6188715}, 
ISSN={},}

@INPROCEEDINGS{5731352, 
author={Azizi, M.Y. and Saeedfar, A. and Hoseini, H.Z. and Shoaei, O.}, 
booktitle={Signals, Circuits and Systems, 2003. SCS 2003. International Symposium on}, title={Thermal noise analysis of multi-bit {SC} gain-stages for low-voltage high-resolution pipeline {ADC} design}, 
year={2003}, 
month={0-0 }, 
volume={2}, 
number={}, 
pages={581 -584 vol.2}, 
keywords={analog-to-digital converter;high-resolution pipeline ADC design;low-voltage pipeline ADC design;multibit gain-stages;noise power;switched capacitor gain-stages;thermal noise analysis;analogue-digital conversion;electric noise measurement;network synthesis;switched capacitor networks;thermal noise;}, 
doi={10.1109/SCS.2003.1227119}, 
ISSN={},}

@ARTICLE{4684625, 
author={Byung-Geun Lee and Byung-Moo Min and Manganaro, G. and Valvano, J.W.}, 
journal={Solid-State Circuits, IEEE Journal of}, title={A 14-b 100-MS/s Pipelined {ADC} With a Merged {SHA} and First {MDAC}}, 
year={2008}, 
month={dec. }, 
volume={43}, 
number={12}, 
pages={2613 -2619}, 
keywords={MDAC;SHA;capacitor sharing technique;dual-gate-oxide CMOS technology;frequency 46 MHz;front-end sample-and-hold amplifier;low-power analog-to-digital converter;multiplying digital-to-analog converter;opamp;pipelined ADC;power 230 mW;size 0.18 mum;voltage 3 V;CMOS integrated circuits;analogue-digital conversion;digital-analogue conversion;low-power electronics;operational amplifiers;sample and hold circuits;}, 
doi={10.1109/JSSC.2008.2006309}, 
ISSN={0018-9200},}

@INPROCEEDINGS{4115011, 
author={Kawahito, S.}, 
booktitle={Custom Integrated Circuits Conference, 2006. CICC '06. IEEE}, title={Low-Power Design of Pipeline {A/D} Converters}, 
year={2006}, 
month={sept.}, 
volume={}, 
number={}, 
pages={505 -512}, 
keywords={analog-digital converters;parallel-pipeline architectures;power optimization;response time;analogue-digital conversion;integrated circuit design;low-power electronics;parallel architectures;pipeline processing;}, 
doi={10.1109/CICC.2006.320894}, 
ISSN={},}

@ARTICLE{121557, 
author={Lewis, S.H. and Fetterman, H.S. and Gross, G.F., Jr. and Ramachandran, R. and Viswanathan, T.R.}, 
journal={Solid-State Circuits, IEEE Journal of}, title={A 10-b 20-{Msample/s} analog-to-digital converter}, 
year={1992}, 
month={mar}, 
volume={27}, 
number={3}, 
pages={351 -358}, 
keywords={0.9 micron;10 bit resolution;240 mW;5 MHz;A/D convertor;ADC;CMOS technology;fully differential analog circuits;monolithic IC;pipelined nine-stage architecture;CMOS integrated circuits;analogue-digital conversion;pipeline processing;}, 
doi={10.1109/4.121557}, 
ISSN={0018-9200},}

@ARTICLE{1528681, 
author={Schreier, R. and Silva, J. and Steensgaard, J. and Temes, G.C.}, 
journal={Circuits and Systems I: Regular Papers, IEEE Transactions on}, title={Design-oriented estimation of thermal noise in switched-capacitor circuits}, 
year={2005}, 
month={nov.}, 
volume={52}, 
number={11}, 
pages={ 2358 - 2368}, 
keywords={ SpectreRF; aliasing; delta-sigma converter; design procedure; design-oriented estimation; estimation algorithms; mixed-mode CMOS integrated circuits; power spectral density; switched-capacitor circuits; switched-capacitor filters; thermal noise; circuit simulation; delta-sigma modulation; integrated circuit design; integrated circuit noise; switched capacitor filters; thermal noise;}, 
doi={10.1109/TCSI.2005.853909}, 
ISSN={1549-8328},}

@MISC{advanalogch8,
author={Sun, Nan and Murmann, Boris},
title="Pipeline {ADC}s",
note={Advanced Analog IC Design Course Material},
}

@MISC{advanalogch2,
author={Sun, Nan and Murmann, Boris},
title="Sampling, Reconstruction, Quantization",
note={Advanced Analog IC Design Course Material},
}

@MISC{315breader,
author={Murmann, Boris},
title="{EE315B Reader}",
}

@MISC{315areader,
author={Murmann, Boris},
title="{EE315A Reader}",
}
@ARTICLE{maximsaradc,
institution={Maxim Integrated Products, Inc.},
title={Understanding {SAR ADC}s: Their Architecture and Comparison with Other {ADC}s},
note={Available at \url{http://www.maxim-ic.com/app-notes/index.mvp/id/1080}},
key={Maxim Integrated Products, Inc.},
journal={Maxim Integrated Products, Inc.},
}

@book{Baker:2010:CCD:1941367,
 author = {Baker, R. Jacob},
 title = {{CMOS} Circuit Design, Layout, and Simulation},
 year = {2010},
 isbn = {0470881321, 9780470881323},
 edition = {3rd},
 publisher = {Wiley-IEEE Press},
} 

@INPROCEEDINGS{1297341, 
author={Diaz, C.H.}, 
booktitle={Microelectronics and Electron Devices, 2004 IEEE Workshop on}, title={CMOS technology for {MS/RF SoC}}, 
year={2004}, 
month={}, 
volume={}, 
number={}, 
pages={ 24 - 27}, 
keywords={ 1/f noise; Bluetooth; CMOS technology scaling; MS/RF SoC; WLAN; interconnect architectural scaling trends; linearity; logic technology; minimum noise figure; mixed-signal IC; passive-component performance; radio-frequency IC; short-range wireless communication; 1/f noise; CMOS integrated circuits; integrated circuit interconnections; logic circuits; mixed analogue-digital integrated circuits; radiofrequency integrated circuits; system-on-chip;}, 
doi={10.1109/WMED.2004.1297341}, 
ISSN={},}

@INPROCEEDINGS{5937489, 
author={Kamalinejad, P. and Mirabbasi, S. and Leung, V.C.M.}, 
booktitle={Circuits and Systems (ISCAS), 2011 IEEE International Symposium on}, title={An ultra-low-power {SAR ADC} with an area-efficient {DAC} architecture}, 
year={2011}, 
month={may}, 
volume={}, 
number={}, 
pages={13 -16}, 
keywords={CMOS;analog-to-digital converter;area-efficient DAC architecture;capacitors;frequency 12.4 kHz;frequency 2.4 kHz;frequency 25 kHz;power 290 nW;power 350 nW;rail-to-rail low-power unity-gain buffers;size 0.13 mum;successive approximation register;ultra-low-power SAR ADC;voltage 0.6 V;voltage 0.8 V;word length 8 bit;CMOS integrated circuits;analogue-digital conversion;capacitors;low-power electronics;}, 
doi={10.1109/ISCAS.2011.5937489}, 
ISSN={0271-4302},}

@INPROCEEDINGS{4541339, 
author={Agnes, A. and Bonizzoni, E. and Maloberti, F.}, 
booktitle={Circuits and Systems, 2008. ISCAS 2008. IEEE International Symposium on}, title={Design of an ultra-low power {SA-ADC} with medium/high resolution and speed}, 
year={2008}, 
month={may}, 
volume={}, 
number={}, 
pages={1 -4}, 
keywords={analog-digital converters;capacitive array;capacitive attenuators;frequency 50 kHz;power comparators;successive approximation;time-domain comparator;voltage 1 V;word length 12 bit;analogue-digital conversion;comparators (circuits);integrated circuit design;low-power electronics;}, 
doi={10.1109/ISCAS.2008.4541339}, 
ISSN={},}

@ARTICLE{972143, 
author={Yang, W. and Kelly, D. and Mehr, L. and Sayuk, M.T. and Singer, L.}, 
journal={Solid-State Circuits, IEEE Journal of}, title={A 3-{V} 340-{mW} 14-b 75-{Msample/s CMOS ADC} with 85-{dB SFDR} at {Nyquist} input}, 
year={2001}, 
month={dec}, 
volume={36}, 
number={12}, 
pages={1931 -1936}, 
keywords={0.35 micron;14 bit;3 V;340 mW;Nyquist input;buffered bootstrapping;capacitor matching;charge injection;common-mode compliance;differential nonlinearity;double-poly triple-metal CMOS process;integral nonlinearity;pipeline analog-to-digital converter;power consumption;signal-to-noise ratio;spurious-free dynamic range;track-and-hold amplifier;CMOS integrated circuits;analogue-digital conversion;bootstrap circuits;integrated circuit noise;low-power electronics;pipeline processing;sample and hold circuits;}, 
doi={10.1109/4.972143}, 
ISSN={0018-9200},}

@ARTICLE{826813, 
author={Mehr, I. and Singer, L.}, 
journal={Solid-State Circuits, IEEE Journal of}, title={A 55-{mW}, 10-bit, 40-{Msample/s} {Nyquist}-rate {CMOS ADC}}, 
year={2000}, 
month={mar}, 
volume={35}, 
number={3}, 
pages={318 -325}, 
keywords={0.35 micron;10 bit;100 MHz;3 V;40 MHz;55 mW;Nyquist-rate CMOS ADC;bandgap reference circuit;digital drivers;double-poly triple-metal CMOS process;low-power converter;pipelined architecture;sampling rates;CMOS integrated circuits;analogue-digital conversion;high-speed integrated circuits;low-power electronics;pipeline processing;}, 
doi={10.1109/4.826813}, 
ISSN={0018-9200},}

@ARTICLE{1356143, 
author={Dong-Young Chang}, 
journal={Circuits and Systems I: Regular Papers, IEEE Transactions on}, title={Design techniques for a pipelined {ADC} without using a front-end sample-and-hold amplifier}, 
year={2004}, 
month={nov.}, 
volume={51}, 
number={11}, 
pages={ 2123 - 2132}, 
keywords={ analog-to-digital converters; aperture error; digital correction expansion technique; pipelined ADC; sample-and-hold amplifier; signal paths; static power dissipation; time constant; analogue-digital conversion; error correction; low-power electronics; pipeline processing;}, 
doi={10.1109/TCSI.2004.836842}, 
ISSN={1549-8328},}

@ARTICLE{5282590, 
author={Goll, B. and Zimmermann, H.}, 
journal={Circuits and Systems II: Express Briefs, IEEE Transactions on}, title={A Comparator With Reduced Delay Time in 65-nm {CMOS} for Supply Voltages Down to 0.65 V}, 
year={2009}, 
month={nov. }, 
volume={56}, 
number={11}, 
pages={810 -814}, 
keywords={CMOS analogue process;bit error rate;comparator;complementary metal-oxide-semiconductor process;cross-coupled inverters;delay time;frequency 0.6 GHz;frequency 4 GHz;frequency 5 GHz;offset standard deviation;on-chip measurement circuit;power 128 muW;power 2.88 mW;size 65 nm;static power consumption;voltage 0.65 V;voltage 1.2 V;voltage 12.1 mV;voltage 16.5 mV;voltage 6.1 mV;CMOS analogue integrated circuits;comparators (circuits);delays;power consumption;power supply circuits;}, 
doi={10.1109/TCSII.2009.2030357}, 
ISSN={1549-7747},}

@book{bok:gray,
  added-at = {2010-03-21T11:36:57.000+0100},
  author = {Gray, Paul R. and Hurst, Paul J. and Lewis, Stephen H. and Meyer, Robert G.},
  biburl = {http://www.bibsonomy.org/bibtex/2c18cffe312f53d9be8ab967b7f1a2e03/heartsoar},
  edition = {4th},
  interhash = {50d5f67622bba04d94f681b19e4b23cb},
  intrahash = {c18cffe312f53d9be8ab967b7f1a2e03},
  keywords = {jabref:noKeywordAssigned},
  publisher = {Wiley},
  timestamp = {2010-03-21T11:36:57.000+0100},
  title = {Analysis and design of analog integrated circuits},
  year = 2001
}

@ARTICLE{535416, 
author={Silveira, F. and Flandre, D. and Jespers, P.G.A.}, 
journal={Solid-State Circuits, IEEE Journal of}, title={A {gm/ID} based methodology for the design of {CMOS} analog circuits and its application to the synthesis of a silicon-on-insulator micropower {OTA}}, 
year={1996}, 
month={sep}, 
volume={31}, 
number={9}, 
pages={1314 -1319}, 
keywords={CMOS analog circuits;MOS transistor;SOI micropower OTA;Si;design methodology;gm/ID based methodology;low power circuits;operational transconductance amplifier;transconductance;CMOS analogue integrated circuits;differential amplifiers;integrated circuit design;operational amplifiers;silicon-on-insulator;}, 
doi={10.1109/4.535416}, 
ISSN={0018-9200},}

@INPROCEEDINGS{5595209, 
author={Fazli Yeknami, A. and Qazi, F. and Dabrowski, J.J. and Alvandpour, A.}, 
booktitle={Signals and Electronic Systems (ICSES), 2010 International Conference on}, title={Design of {OTAs} for ultra-low-power sigma-delta {ADCs} in medical applications}, 
year={2010}, 
month={sept.}, 
volume={}, 
number={}, 
pages={229 -232}, 
keywords={ #x03A3;A modulator;CMOS technology;OTA architecture;OTA gain;high-resolution sigma-delta ADC;load compensation;low-frequency signal;medical application;operational transconductance amplifier;power dissipation;sigma-delta modulator;size 65 nm;two-stage OTA;ultra-low-power sigma-delta ADC;weak electrophysiological signal;CMOS integrated circuits;bioelectric phenomena;biomedical electronics;biomolecular electronics;low-power electronics;operational amplifiers;sigma-delta modulation;}, 
doi={}, 
ISSN={},}

@ARTICLE{1202575, 
author={Scholten, A.J. and Tiemeijer, L.F. and van Langevelde, R. and Havens, R.J. and Zegers-van Duijnhoven, A.T.A. and Venezia, V.C.}, 
journal={Electron Devices, IEEE Transactions on}, 
title={Noise modeling for {RF CMOS} circuit simulation}, 
year={2003}, 
month={march}, 
volume={50}, 
number={3}, 
pages={ 618 - 632}, 
keywords={ 0.18 micron; LF noise measurements; RF CMOS circuit simulation; RF noise; avalanche current; avalanche noise; carrier trapping; channel segmentation; compact modeling; direct-tunneling gate leakage current; drain current noise; flicker noise; gate current noise; gate resistance; low-frequency noise; n-channel MOSFETs; nonquasi-static RF model; p-channel MOSFETs; short-channel MOSFETs; shot noise; thermal noise; 1/f noise; CMOS integrated circuits; MOSFET; circuit simulation; flicker noise; integrated circuit modelling; integrated circuit noise; leakage currents; radiofrequency integrated circuits; shot noise; thermal noise; tunnelling; white noise;}, 
doi={10.1109/TED.2003.810480}, 
ISSN={0018-9383},}

@MISC{simswitchcap,
author={Ken Kundert},
title="Simulating switched-capacitor filters with {Spectre RF}",
note={Available at \url{http://www.designers-guide.org/analysis/sc-filters.pdf}},
}

@MISC{murmannadcsurvey,
author={B. Murmann},
title="{ADC} Performance Survey 1997-2012",
note={Available at \url{http://www.stanford.edu/~murmann/adcsurvey.html}},
}